@THESIS{DiagoNanez2023,
  AUTHOR = {Nañez, Paola Diago},
  INSTITUTION = {Facultad de Ciencias Matemáticas},
  DATE = {2023-09},
  NOTE = {Tutora: María del Mar Jiménez Sevilla},
  TITLE = {Series de Fourier},
  TYPE = {Trabajo Fin de Grado},
}

@ARTICLE{Arenas2014,
  AUTHOR = {Arenas, Alberto and Ciaurri, Óscar and Labarga, Edgar and Roncal, Luz and Varona, Juan Luis},
  PUBLISHER = {Logroño},
  URL = {https://www.unirioja.es/cu/jvarona/downloads/Fourier-familiar.pdf},
  DATE = {2014},
  JOURNALTITLE = {Monográfico},
  PAGES = {39--54},
  TITLE = {Series de Fourier no trigonométricas: Una perspectiva familiar},
  VOLUME = {26},
}

@BOOK{Oppenheim1999,
  AUTHOR = {Oppenheim, Alan V. and Schafer, Ronald W.},
  PUBLISHER = {Prentice Hall},
  URL = {https://research.iaun.ac.ir/pd/naghsh/pdfs/UploadFile_2230.pdf},
  DATE = {1999},
  TITLE = {Discrete-Time Signal Processing},
}

@ARTICLE{benbarka2021seeing,
  AUTHOR = {Benbarka, Nadine and Navab, Nassir and Busam, Benjamin},
  URL = {https://arxiv.org/pdf/2103.12091},
  DATE = {2021},
  JOURNALTITLE = {arXiv preprint arXiv:2103.12091},
  TITLE = {Seeing Behind Objects for 3D Multi-Object Tracking in RGB-D Sequences},
}

@ARTICLE{choi2023matematicas,
  AUTHOR = {Choi, Jaewon and Zhang, Cheng and Anderegg, Lucas and Willcox, Karen and Duraisamy, Karthik},
  PUBLISHER = {Annual Reviews},
  URL = {https://doi.org/10.1146/annurev-fluid-032822-025843},
  DATE = {2023},
  JOURNALTITLE = {Annual Review of Fluid Mechanics},
  PAGES = {575--608},
  TITLE = {Mathematics of Deep Learning for Fluid Dynamics},
  VOLUME = {55},
}

@BOOK{griffiths2018introduction,
  AUTHOR = {Griffiths, D.J. and Schroeter, D.F.},
  PUBLISHER = {Cambridge University Press},
  DATE = {2018},
  EDITION = {3rd},
  TITLE = {Introduction to Quantum Mechanics},
}

@BOOK{nielsen2010quantum,
  AUTHOR = {Nielsen, M. A. and Chuang, I. L.},
  PUBLISHER = {Cambridge University Press},
  DATE = {2010},
  TITLE = {Quantum Computation and Quantum Information},
}

@BOOK{thompson2017interferometry,
  AUTHOR = {A. R. Thompson, J. M. Moran and Swenson, G. W.},
  PUBLISHER = {Springer},
  DATE = {2017},
  TITLE = {Interferometry and Synthesis in Radio Astronomy},
}

@BOOK{proakis2001digital,
  AUTHOR = {Proakis, J. G. and Salehi, M.},
  PUBLISHER = {McGraw-Hill},
  DATE = {2001},
  TITLE = {Digital Communications},
}

@BOOK{gonzalez2017digital,
  AUTHOR = {Gonzalez, R. C. and Woods, R. E.},
  PUBLISHER = {Pearson},
  DATE = {2017},
  TITLE = {Digital Image Processing},
}

@BOOK{haykin2001communication,
  AUTHOR = {Haykin, S. and Moher, M.},
  PUBLISHER = {Wiley},
  DATE = {2001},
  TITLE = {Communication Systems},
}

@BOOK{inman2001engineering,
  AUTHOR = {Inman, D. J.},
  PUBLISHER = {Prentice-Hall},
  DATE = {2001},
  TITLE = {Engineering Vibration},
}

@BOOK{metin2004biomedical,
  AUTHOR = {Metin, A.},
  PUBLISHER = {Academic Press},
  DATE = {2004},
  TITLE = {Biomedical Signal Processing: A Conceptual Approach},
}

@BOOK{vanloan1992computational,
  AUTHOR = {Loan, C. Van},
  PUBLISHER = {SIAM},
  DATE = {1992},
  TITLE = {Computational Frameworks for the Fast Fourier Transform},
}

@INPROCEEDINGS{moreland2003fft,
  AUTHOR = {Moreland, K. and Angel, E.},
  BOOKTITLE = {Proceedings of the ACM Workshop on Graphics Hardware},
  DATE = {2003},
  PAGES = {112--119},
  TITLE = {The FFT on a GPU},
}

@BOOK{canuto2006spectral,
  AUTHOR = {C. Canuto, M. Y. Hussaini, A. Quarteroni and Zang, T. A.},
  PUBLISHER = {Springer},
  DATE = {2006},
  TITLE = {Spectral Methods: Fundamentals in Single Domains},
}

@BOOK{cullity2014elements,
  AUTHOR = {Cullity, B.D. and Stock, S.R.},
  PUBLISHER = {Pearson},
  DATE = {2014},
  EDITION = {3rd},
  TITLE = {Elements of X-Ray Diffraction},
}

@BOOK{oppenheim2010discrete,
  AUTHOR = {Oppenheim, A.V. and Schafer, R.W.},
  PUBLISHER = {Pearson},
  DATE = {2010},
  EDITION = {3rd},
  TITLE = {Discrete-Time Signal Processing},
}

@BOOK{haacke2014magnetic,
  AUTHOR = {Haacke, E.M. and Brown, R.W. and Thompson, M.R. and Venkatesan, R.},
  PUBLISHER = {Wiley},
  DATE = {2014},
  EDITION = {2nd},
  TITLE = {Magnetic Resonance Imaging: Physical Principles and Sequence Design},
}

@BOOK{ogata2010modern,
  AUTHOR = {Ogata, K.},
  PUBLISHER = {Prentice Hall},
  DATE = {2010},
  EDITION = {5th},
  TITLE = {Modern Control Engineering},
}

@BOOK{chopra2017dynamics,
  AUTHOR = {Chopra, A.K.},
  PUBLISHER = {Pearson},
  DATE = {2017},
  EDITION = {5th},
  TITLE = {Dynamics of Structures: Theory and Applications to Earthquake Engineering},
}

@BOOK{box2015time,
  AUTHOR = {Box, G.E.P. and Jenkins, G.M. and Reinsel, G.C.},
  PUBLISHER = {Wiley},
  DATE = {2015},
  EDITION = {5th},
  TITLE = {Time Series Analysis: Forecasting and Control},
}

@BOOK{goodfellow2016deep,
  AUTHOR = {Goodfellow, I. and Bengio, Y. and Courville, A.},
  PUBLISHER = {MIT Press},
  DATE = {2016},
  TITLE = {Deep Learning},
}

@BOOK{boyd2004convex,
  AUTHOR = {Boyd, S. and Vandenberghe, L.},
  PUBLISHER = {Cambridge University Press},
  DATE = {2004},
  TITLE = {Convex Optimization},
}

@BOOK{bracewell2003fourier,
  AUTHOR = {Bracewell, R.N.},
  PUBLISHER = {McGraw-Hill},
  DATE = {2003},
  EDITION = {3rd},
  TITLE = {The Fourier Transform and Its Applications},
}

@BOOK{banwell1994fundamentals,
  AUTHOR = {Banwell, C.N. and McCash, E.M.},
  PUBLISHER = {McGraw-Hill},
  DATE = {1994},
  EDITION = {4th},
  TITLE = {Fundamentals of Molecular Spectroscopy},
}

@BOOK{mcgranghan2017power,
  AUTHOR = {McGranghan, M.F. and Mueller, D.R. and Samotyj, M.J.},
  PUBLISHER = {McGraw-Hill},
  DATE = {2017},
  TITLE = {Power Quality in Electrical Systems},
}

@BOOK{nyq_phenomenon_en,
  AUTHOR = {Colozzo, Marcello},
  PUBLISHER = {Power Electronics News},
  DATE = {2023},
  TITLE = {The Nyquist Frequency and Aliasing Phenomenon},
}

@BOOK{stevens2013advanced,
  AUTHOR = {Stevens, W.R. and Rago, S.A.},
  LOCATION = {Boston, MA},
  PUBLISHER = {Addison-Wesley Professional},
  DATE = {2013},
  EDITION = {3rd},
  TITLE = {Advanced Programming in the UNIX Environment},
}

@BOOK{kerrisk2010linux,
  AUTHOR = {Kerrisk, M.},
  LOCATION = {San Francisco, CA},
  PUBLISHER = {No Starch Press},
  DATE = {2010},
  TITLE = {The Linux Programming Interface: A Linux and UNIX System Programming Handbook},
}

@BOOK{bovet2005understanding,
  AUTHOR = {Bovet, D.P. and Cesati, M.},
  LOCATION = {Sebastopol, CA},
  PUBLISHER = {O'Reilly Media},
  DATE = {2005},
  EDITION = {3rd},
  TITLE = {Understanding the Linux Kernel},
}

@BOOK{love2013linux,
  AUTHOR = {Love, R.},
  LOCATION = {Sebastopol, CA},
  PUBLISHER = {O'Reilly Media},
  DATE = {2013},
  EDITION = {2nd},
  TITLE = {Linux System Programming: Talking Directly to the Kernel and C Library},
}

@BOOK{tanenbaum2015modern,
  AUTHOR = {Tanenbaum, A.S. and Bos, H.},
  LOCATION = {Upper Saddle River, NJ},
  PUBLISHER = {Pearson},
  DATE = {2015},
  EDITION = {4th},
  TITLE = {Modern Operating Systems},
}

@BOOK{beej2016guide,
  AUTHOR = {Hall, B.},
  PUBLISHER = {Independently published},
  DATE = {2016},
  TITLE = {Beej's Guide to Network Programming: Using Internet Sockets},
}

@BOOK{robbins2003unix,
  AUTHOR = {Robbins, K.A. and Robbins, S.},
  LOCATION = {Upper Saddle River, NJ},
  PUBLISHER = {Prentice Hall},
  DATE = {2003},
  EDITION = {2nd},
  TITLE = {UNIX Systems Programming: Communication, Concurrency, and Threads},
}

@BOOK{pacheco2011introduction,
  AUTHOR = {Pacheco, P.},
  LOCATION = {Burlington, MA},
  PUBLISHER = {Morgan Kaufmann},
  DATE = {2011},
  TITLE = {An Introduction to Parallel Programming},
}

@BOOK{stevens2005unix,
  AUTHOR = {Stevens, W.R. and Fenner, B. and Rudoff, A.M.},
  LOCATION = {Boston, MA},
  PUBLISHER = {Addison-Wesley Professional},
  DATE = {2005},
  EDITION = {2nd},
  TITLE = {UNIX Network Programming, Volume 2: Interprocess Communications},
}

@BOOK{butenhof1997programming,
  AUTHOR = {Butenhof, D.R.},
  LOCATION = {Boston, MA},
  PUBLISHER = {Addison-Wesley Professional},
  DATE = {1997},
  TITLE = {Programming with POSIX Threads},
}

@ARTICLE{drepper2007every,
  AUTHOR = {Drepper, U.},
  DATE = {2007},
  JOURNALTITLE = {Red Hat, Inc.},
  TITLE = {Every Computer Scientist Should Know About Memory},
}

@BOOK{herlihy2012art,
  AUTHOR = {Herlihy, M. and Shavit, N.},
  LOCATION = {Burlington, MA},
  PUBLISHER = {Morgan Kaufmann},
  DATE = {2012},
  EDITION = {Revised 1st},
  TITLE = {The Art of Multiprocessor Programming},
}

@BOOK{silberschatz2018operating,
  AUTHOR = {Silberschatz, A. and Galvin, P. and Gagne, G.},
  LOCATION = {Hoboken, NJ},
  PUBLISHER = {Wiley},
  DATE = {2018},
  EDITION = {10th},
  TITLE = {Operating System Concepts},
}

