@Thesis{DiagoNanez2023,
    author   = {Paola Diago Nañez},
    title    = {Series de Fourier},
    type     = {Trabajo Fin de Grado},
    school   = {Facultad de Ciencias Matemáticas},
    year     = {2023},
    month    = sep,
    note     = {Tutora: María del Mar Jiménez Sevilla},
}

@Article{Arenas2014,
  author    = {Arenas, Alberto and Ciaurri, Óscar and Labarga, Edgar and Roncal, Luz and Varona, Juan Luis},
  title     = {Series de Fourier no trigonométricas: Una perspectiva familiar},
  journal   = {Monográfico},
  volume    = {26},
  pages     = {39--54},
  year      = {2014},
  publisher = {Logroño},
  url       = {https://www.unirioja.es/cu/jvarona/downloads/Fourier-familiar.pdf}
}

@book{Oppenheim1999,
  author    = {Alan V. Oppenheim and Ronald W. Schafer},
  title     = {Discrete-Time Signal Processing},
  year      = {1999},
  publisher = {Prentice Hall},
  url       = {https://research.iaun.ac.ir/pd/naghsh/pdfs/UploadFile_2230.pdf}
}

@article{benbarka2021seeing,
  author    = {Benbarka, Nadine and Navab, Nassir and Busam, Benjamin},
  title     = {Seeing Behind Objects for 3D Multi-Object Tracking in RGB-D Sequences},
  journal   = {arXiv preprint arXiv:2103.12091},
  year      = {2021},
  url       = {https://arxiv.org/pdf/2103.12091}
}

@article{choi2023matematicas,
  author    = {Choi, Jaewon and Zhang, Cheng and Anderegg, Lucas and Willcox, Karen and Duraisamy, Karthik},
  title     = {Mathematics of Deep Learning for Fluid Dynamics},
  journal   = {Annual Review of Fluid Mechanics},
  volume    = {55},
  pages     = {575--608},
  year      = {2023},
  publisher = {Annual Reviews},
  url       = {https://doi.org/10.1146/annurev-fluid-032822-025843}
}

@book{griffiths2018introduction,
  title={Introduction to Quantum Mechanics},
  author={Griffiths, D.J. and Schroeter, D.F.},
  edition={3rd},
  year={2018},
  publisher={Cambridge University Press}
}

@book{nielsen2010quantum,
  author={M. A. Nielsen and I. L. Chuang},
  title={Quantum Computation and Quantum Information},
  year={2010},
  publisher={Cambridge University Press}
}

@book{thompson2017interferometry,
  author={A. R. Thompson, J. M. Moran, and G. W. Swenson},
  title={Interferometry and Synthesis in Radio Astronomy},
  year={2017},
  publisher={Springer}
}

@book{proakis2001digital,
  author={J. G. Proakis and M. Salehi},
  title={Digital Communications},
  year={2001},
  publisher={McGraw-Hill}
}

@book{gonzalez2017digital,
  author={R. C. Gonzalez and R. E. Woods},
  title={Digital Image Processing},
  year={2017},
  publisher={Pearson}
}

@book{haykin2001communication,
  author={S. Haykin and M. Moher},
  title={Communication Systems},
  year={2001},
  publisher={Wiley}
}

@book{inman2001engineering,
  author={D. J. Inman},
  title={Engineering Vibration},
  year={2001},
  publisher={Prentice-Hall}
}

@book{metin2004biomedical,
  author={A. Metin},
  title={Biomedical Signal Processing: A Conceptual Approach},
  year={2004},
  publisher={Academic Press}
}

@book{vanloan1992computational,
  author={C. Van Loan},
  title={Computational Frameworks for the Fast Fourier Transform},
  year={1992},
  publisher={SIAM}
}

@inproceedings{moreland2003fft,
  author={K. Moreland and E. Angel},
  title={The FFT on a GPU},
  booktitle={Proceedings of the ACM Workshop on Graphics Hardware},
  year={2003},
  pages={112--119}
}

@book{canuto2006spectral,
  author={C. Canuto, M. Y. Hussaini, A. Quarteroni and T. A. Zang},
  title={Spectral Methods: Fundamentals in Single Domains},
  year={2006},
  publisher={Springer}
}

@book{cullity2014elements,
  title={Elements of X-Ray Diffraction},
  author={Cullity, B.D. and Stock, S.R.},
  edition={3rd},
  year={2014},
  publisher={Pearson}
}

@book{oppenheim2010discrete,
  title={Discrete-Time Signal Processing},
  author={Oppenheim, A.V. and Schafer, R.W.},
  edition={3rd},
  year={2010},
  publisher={Pearson}
}

@book{haacke2014magnetic,
  title={Magnetic Resonance Imaging: Physical Principles and Sequence Design},
  author={Haacke, E.M. and Brown, R.W. and Thompson, M.R. and Venkatesan, R.},
  edition={2nd},
  year={2014},
  publisher={Wiley}
}

@book{ogata2010modern,
  title={Modern Control Engineering},
  author={Ogata, K.},
  edition={5th},
  year={2010},
  publisher={Prentice Hall}
}

@book{chopra2017dynamics,
  title={Dynamics of Structures: Theory and Applications to Earthquake Engineering},
  author={Chopra, A.K.},
  edition={5th},
  year={2017},
  publisher={Pearson}
}

@book{box2015time,
  title={Time Series Analysis: Forecasting and Control},
  author={Box, G.E.P. and Jenkins, G.M. and Reinsel, G.C.},
  edition={5th},
  year={2015},
  publisher={Wiley}
}

@book{goodfellow2016deep,
  title={Deep Learning},
  author={Goodfellow, I. and Bengio, Y. and Courville, A.},
  year={2016},
  publisher={MIT Press}
}

@book{boyd2004convex,
  title={Convex Optimization},
  author={Boyd, S. and Vandenberghe, L.},
  year={2004},
  publisher={Cambridge University Press}
}

@book{bracewell2003fourier,
  title={The Fourier Transform and Its Applications},
  author={Bracewell, R.N.},
  edition={3rd},
  year={2003},
  publisher={McGraw-Hill}
}

@book{banwell1994fundamentals,
  title={Fundamentals of Molecular Spectroscopy},
  author={Banwell, C.N. and McCash, E.M.},
  edition={4th},
  year={1994},
  publisher={McGraw-Hill}
}

@book{mcgranghan2017power,
  title={Power Quality in Electrical Systems},
  author={McGranghan, M.F. and Mueller, D.R. and Samotyj, M.J.},
  year={2017},
  publisher={McGraw-Hill}
}

@book{nyq_phenomenon_en,
  title={The Nyquist Frequency and Aliasing Phenomenon},
  author={Marcello Colozzo},
  year={2023},
  publisher={ Power Electronics News}
}



